
@book
{nlp_p,
author={Steven Bird, Ewan Klein, Edward Loper},
title={Natural Language Processing with Python},
year={2009},
isbn={978-0-596-51649-9}
}

@book
{nltk,
author={Jacob Perkins},
title={Python 3 Text Processing with NLTK 3 Cookbook},
year={2010},
isbn={978-1-78216-785-3}
}

@book
{ir_book,
author={Christopher D. Manning, Prabhakar Raghavan, Hinrich Schütze},
title={Introduction to Information Retrieval},
year={2008},
isbn={0521865719}
}

@misc
{ir_web,
author={Christopher D. Manning, Prabhakar Raghavan, Hinrich Schütze},
title={Information Retrieval},
url={http://nlp.stanford.edu/IR-book/html/htmledition/contents-1.html}
}